@article{Mackie2006,
author = {Mackie, T R},
doi = {10.1088/0031-9155/51/13/R24},
file = {:Users/rkrsn/Documents/Mendeley Desktop/Mackie\_2006\_History of tomotherapy.pdf:pdf},
issn = {0031-9155},
journal = {Physics in medicine and biology},
keywords = {Equipment Design,History, 20th Century,History, 21st Century,Radiotherapy Planning, Computer-Assisted,Radiotherapy Planning, Computer-Assisted: history,Radiotherapy Planning, Computer-Assisted: instrumentation,Radiotherapy Planning, Computer-Assisted: methods,Radiotherapy, Conformal,Radiotherapy, Conformal: history,Radiotherapy, Conformal: instrumentation,Radiotherapy, Conformal: methods,Tomography, X-Ray Computed,Tomography, X-Ray Computed: history,Tomography, X-Ray Computed: instrumentation,Tomography, X-Ray Computed: methods},
mendeley-groups = {Coursework/BME 560},
month = jul,
number = {13},
pages = {R427--53},
pmid = {16790916},
title = {{History of tomotherapy.}},
url = {http://www.ncbi.nlm.nih.gov/pubmed/16790916},
volume = {51},
year = {2006}
}
@article{IMRT2001,
author = {{Intensity Modulated Radiation Therapy Collaborative Working Group;}},
file = {:Users/rkrsn/Documents/Mendeley Desktop/Intensity Modulated Radiation Therapy Collaborative Working Group\_2001\_Intensity-Modulated Radiotherapy Current Status and Issues of Int.pdf:pdf},
journal = {International Journal of Oncology Biol. Phys.},
mendeley-groups = {Coursework/BME 560},
number = {4},
pages = {880--914},
title = {{Intensity-Modulated Radiotherapy: Current Status and Issues of Interest}},
url = {http://www.redjournal.org/article/S0360-3016(01)01749-7/abstract},
volume = {51},
year = {2001}
}
